<?xml version="1.0" encoding="UTF-8"?><record xmlns="http://www.loc.gov/MARC21/slim" xmlns:cinclude="http://apache.org/cocoon/include/1.0" xmlns:zs="http://www.loc.gov/zing/srw/">
  <leader>00367nz  a2200121n  4500</leader>
  <controlfield tag="001">nr2004033282</controlfield>
  <controlfield tag="003">DLC</controlfield>
  <controlfield tag="005">20041103033118.0</controlfield>
  <controlfield tag="008">041102n| acannaabn          |n aaa     c</controlfield>
  <datafield tag="010" ind1=" " ind2=" ">
    <subfield code="a">nr2004033282</subfield>
  </datafield>
  <datafield tag="040" ind1=" " ind2=" ">
    <subfield code="a">CtY-Mus</subfield>
    <subfield code="b">eng</subfield>
    <subfield code="c">CtY-Mus</subfield>
  </datafield>
  <datafield tag="100" ind1="1" ind2=" ">
    <subfield code="a">Frederick, Paul.</subfield>
    <subfield code="t">Briarglen piece</subfield>
  </datafield>
  <datafield tag="670" ind1=" " ind2=" ">
    <subfield code="a">Frederick, P. Briarglen piece, c2001:</subfield>
    <subfield code="b">caption (Briarglen piece : for brass quintet)</subfield>
  </datafield>
</record>